% Encoding: UTF-8

@Misc{WikiDataCompression,
  title  = {Data Compression --- {W}ikipedia},
  note   = {Online; accessed 29th November 2017},
  howpublished    = "\url{https://en.wikipedia.org/wiki/Data_compression}"
}
"\url{http://aiweb.techfak.uni-bielefeld.de/content/bworld-robot-control-software/}"
@Misc{MasseyStudyGuide,
  title  = {Image Compression --- {M}assey {U}niveristy Image Processing Study Guide},
  note   = {Chapter 6}
}

@Misc{WikiLossless,
  title  = {Lossless compression --- {W}ikipedia},
  note   = {Online; accessed 29th November 2017},
  howpublished    = "\url{https://en.wikipedia.org/wiki/Lossless_compression}"
}

@Misc{WikiHuffman,
  title  = {Huffman Coding --- {W}ikipedia},
  note   = {Online; accessed 29th November 2017},
  howpublished    = "\url{https://en.wikipedia.org/wiki/Huffman_coding}"
}

@Book{BookVLC,
author = {David Salomon},
title = {Variable-Length Codes for Data Compression pg. 42},
publisher = {Springer},
year = {2007}
}

@Misc{GitLink,
  title  = {Project GitHub Link},
  howpublished    = "\url{https://github.com/gsalmond/summerProject}"
}

@Misc{ZipManPage,
  title  = {Ubuntu zip man page},
  howpublished    = "\url{http://manpages.ubuntu.com/manpages/artful/man1/zip.1.html}"
}

@Misc{GzipManPage,
  title  = {Ubuntu gzip man page},
  howpublished    = "\url{http://manpages.ubuntu.com/manpages/artful/man1/gzip.1.html}"
}

@Misc{GeeksForGeeks,
  title  = {Huffman Coding, Geeks for Geeks},
  howpublished    = "\url{http://www.geeksforgeeks.org/greedy-algorithms-set-3-huffman-coding}"
}

@Misc{CantCorp,
  title  = {Canterbury Corpus},
  howpublished    = "\url{http://corpus.canterbury.ac.nz/}"
}



@Comment{jabref-meta: databaseType:bibtex;}
